@Article{SzWilk,
author = {{S. Wilk, M. Michalowski, X. Tan and W. Michalowski}},
title = {{Using First-Order Logic to Represent Clinical
Practice Guidelines and to Mitigate Adverse
Interactions}}
}
@Article{SzWilk2,
author = {{S. Wilk, W. Michalowski, M. Michalowski, K. Farion, M. M. Hing, S. Mohapatra}},
title = {{Mitigation of Adverse Interactions in Pairs of Clinical Practice Guidelines Using Constraint Logic Programming}},
journal    = {Journal of Biomedical Informatics},
volume     = {46},
number     = {2},
year       = 2013,
pages      = {341-353}
}
@Article{Piovesan,
author = {{L. Piovesan, P. Terenziani}},
title = {{A Mixed-Initiative approach to the conciliation of
Clinical Guidelines for comorbid patients}}
}
@Article{Boyd,
author = {{C. M. Boyd, J. Darer, C. Boult, L. P. Fried, L. Boult, A. W. Wu}},
title = {{Clinical Practice Guidelines and
Quality of Care for Older Patients
With Multiple Comorbid Diseases}},
journal    = {JAMA},
volume     = {294},
number     = {6},
year       = 2005,
pages      = {716-724}
}
@Article{Latoszek-Berendsen,
author = {{A. Latoszek-Berendsen, H. Tange, H. J. van den Herik, A. Hasman}},
title = {{From Clinical Practice Guidelines to
Computer-interpretable Guidelines}},
journal    = {Methods Inf Med.},
volume     = {49},
number     = {6},
year       = 2010,
pages      = {550-570}
}
@Article{Eclipse,
author = {{K. Janczura, T. Gabiga}},
title = {{Wprowadzenie do Programowanie Logicznego
z Ograniczeniami z wykorzystaniem ECLiPSe.}}
}
@misc{EclipseSite,
  title = {{The ECLiPSe Constraint Programming System}},
  howpublished = "\url{http://eclipseclp.org}",
  note = {[Przeglądano 2015-09-29]}
}
@misc{Choco3,
  title = {{Choco 3 Solver - User Guide}},
  howpublished = "\url{http://choco-solver.org/user_guide/1_overview.html}",
  note = {[Przeglądano 2015-09-29]}
}
@misc{Graphviz,
  title = {{Graphviz - Graph Visualization Software}},
  howpublished = "\url{http://www.graphviz.org}",
  note = {[Przeglądano 2015-09-29]}
}
@misc{JPGD,
  title = {{JPGD - Java-based Parser for Graphviz Documents}},
  howpublished = "\url{http://www.alexander-merz.com/graphviz}",
  note = {[Przeglądano 2015-09-29]}
}
@misc{CLP,
  title = {{Constraint logic programming - Wikipedia}},
  howpublished = "\url{https://en.wikipedia.org/wiki/Constraint_logic_programming}",
  note = {[Przeglądano 2015-09-29]}
}
@book{niederlinski,
    author    = "A. Niederliński",
    title     = "Programowanie w logice z ograniczeniami. Łagodne wprowadzenie dla platformy ECLiPSe",
    year      = "2014",
    publisher = "Wydawnictwo Pracowni Komputerowej Jacka Skalmierskiego"
}